<?xml version="1.0" encoding="UTF-8"?><collection xmlns="http://www.loc.gov/MARC21/slim"><record><leader>00701nam--2200205-u-4500</leader><controlfield tag="001">000054207</controlfield><controlfield tag="002">20161230</controlfield><controlfield tag="005">20170128001440</controlfield><controlfield tag="008">110916s1000------------r-----000-0-eng-d</controlfield><datafield ind1=" " ind2=" " tag="020"><subfield code="a">1859960669</subfield></datafield><datafield ind1=" " ind2=" " tag="040"><subfield code="a">IFIN-HH</subfield></datafield><datafield ind1=" " ind2=" " tag="080"><subfield code="a">537.533.35(06)</subfield></datafield><datafield ind1="1" ind2=" " tag="100"><subfield code="a">Keyse, Robert J</subfield></datafield><datafield ind1="1" ind2="0" tag="245"><subfield code="a">Introduction to scanning tranmission electron microscopy</subfield><subfield code="b">Microscopy handbooks 39</subfield><subfield code="c">Robert J. Keyse, Anthony J. Garratt-Reed, Peter J. Goodhew, Gordon W. Lorimer</subfield></datafield><datafield ind1=" " ind2=" " tag="260"><subfield code="a">Oxford</subfield><subfield code="b">Bios Scientific Publishers Limited</subfield><subfield code="c">1998</subfield></datafield><datafield ind1=" " ind2=" " tag="300"><subfield code="a">114 p</subfield></datafield><datafield ind1=" " ind2=" " tag="490"><subfield code="a">Royal Microscopical Society Microscopy Handbooks 39</subfield></datafield><datafield ind1="1" ind2=" " tag="700"><subfield code="a">Lorimer, Gordon W</subfield></datafield><datafield ind1=" " ind2=" " tag="852"><subfield code="a">81205</subfield><subfield code="c">537.533.35</subfield></datafield><datafield ind1=" " ind2=" " tag="CAT"><subfield code="a">SYS</subfield><subfield code="c">20170128</subfield><subfield code="h">001440</subfield></datafield></record></collection>